<record><leader>01603cam a2200457 i 4500</leader><controlfield tag="001">6790450</controlfield><controlfield tag="003">OCoLC</controlfield><controlfield tag="005">20150116091750.0</controlfield><controlfield tag="008">140923t20152015nyu      b    001 0 eng  </controlfield><datafield ind1=" " ind2=" " tag="010"><subfield code="a">  2014026332</subfield></datafield><datafield ind1=" " ind2=" " tag="020"><subfield code="a">9780823263288 (cloth : alk. paper)</subfield></datafield><datafield ind1=" " ind2=" " tag="020"><subfield code="a">0823263282 (cloth : alk. paper)</subfield></datafield><datafield ind1=" " ind2=" " tag="020"><subfield code="a">9780823263295 (pbk. : alk. paper)</subfield></datafield><datafield ind1=" " ind2=" " tag="020"><subfield code="a">0823263290 (pbk. : alk. paper)</subfield></datafield><datafield ind1="8" ind2=" " tag="024"><subfield code="a">40024237567</subfield></datafield><datafield ind1=" " ind2=" " tag="035"><subfield code="a">ocn897872409</subfield></datafield><datafield ind1=" " ind2=" " tag="040"><subfield code="a">DLC</subfield><subfield code="b">eng</subfield><subfield code="e">rda</subfield><subfield code="c">DLC</subfield><subfield code="d">YDXCP</subfield><subfield code="d">CDX</subfield><subfield code="d">YUS</subfield><subfield code="d">OCLCO</subfield><subfield code="d">UAB</subfield><subfield code="d">AEU</subfield></datafield><datafield ind1=" " ind2=" " tag="042"><subfield code="a">pcc</subfield></datafield><datafield ind1="0" ind2="0" tag="050"><subfield code="a">B2430.D483</subfield><subfield code="b">B4844 2015</subfield></datafield><datafield ind1="0" ind2="0" tag="082"><subfield code="a">194</subfield><subfield code="2">23</subfield></datafield><datafield ind1=" " ind2=" " tag="090"><subfield code="a">B 2430 D483 B4844 2015</subfield><subfield code="b">AEU</subfield></datafield><datafield ind1="1" ind2=" " tag="100"><subfield code="a">Naas, Michael,</subfield><subfield code="e">author.</subfield></datafield><datafield ind1="1" ind2="4" tag="245"><subfield code="a">The end of the world and other teachable moments :</subfield><subfield code="b">Jacques Derrida's final seminar /</subfield><subfield code="c">Michael Naas.</subfield></datafield><datafield ind1=" " ind2=" " tag="250"><subfield code="a">First edition.</subfield></datafield><datafield ind1=" " ind2="1" tag="264"><subfield code="a">New York :</subfield><subfield code="b">Fordham University Press,</subfield><subfield code="c">2015.</subfield></datafield><datafield ind1=" " ind2="4" tag="264"><subfield code="c">&#169;2015</subfield></datafield><datafield ind1=" " ind2=" " tag="300"><subfield code="a">xix, 206 pages ;</subfield><subfield code="c">23 cm.</subfield></datafield><datafield ind1=" " ind2=" " tag="336"><subfield code="a">text</subfield><subfield code="b">txt</subfield><subfield code="2">rdacontent</subfield></datafield><datafield ind1=" " ind2=" " tag="337"><subfield code="a">unmediated</subfield><subfield code="b">n</subfield><subfield code="2">rdamedia</subfield></datafield><datafield ind1=" " ind2=" " tag="338"><subfield code="a">volume</subfield><subfield code="b">nc</subfield><subfield code="2">rdacarrier</subfield></datafield><datafield ind1="1" ind2=" " tag="490"><subfield code="a">Perspectives in continental philosophy</subfield></datafield><datafield ind1=" " ind2=" " tag="504"><subfield code="a">Includes bibliographical references and index.</subfield></datafield><datafield ind1=" " ind2=" " tag="596"><subfield code="a">16</subfield></datafield><datafield ind1="1" ind2="0" tag="600"><subfield code="a">Derrida, Jacques.</subfield><subfield code="t">B&#234;te et le souverain.</subfield></datafield><datafield ind1=" " ind2="0" tag="650"><subfield code="a">Sovereignty.</subfield></datafield><datafield ind1=" " ind2="0" tag="650"><subfield code="a">Animals (Philosophy)</subfield></datafield><datafield ind1=" " ind2="0" tag="650"><subfield code="a">Death.</subfield></datafield><datafield ind1=" " ind2="0" tag="650"><subfield code="a">End of the world.</subfield></datafield><datafield ind1=" " ind2="0" tag="830"><subfield code="a">Perspectives in continental philosophy.</subfield></datafield><datafield ind1=" " ind2=" " tag="949"><subfield code="a">B 2430 D483 B4844 2015</subfield><subfield code="c">1</subfield><subfield code="h">UAAU-B</subfield><subfield code="i">0162035227907</subfield></datafield><datafield ind1=" " ind2=" " tag="926"><subfield code="a">B 2430 D483 B4844 2015</subfield><subfield code="w">LC</subfield><subfield code="c">1</subfield><subfield code="i">0162035227907</subfield><subfield code="l">ON_SHELF</subfield><subfield code="m">UAAUG</subfield><subfield code="p">$150.00</subfield><subfield code="r">Y</subfield><subfield code="s">Y</subfield><subfield code="t">BOOK</subfield><subfield code="u">1/28/2015</subfield></datafield></record>